@incollection{malone2021fazendo,
  title={{\textit{Tornando a aprendizagem divertida: uma taxonomia de motivações intrínsecas para a aprendizagem}}},
  author={Malone, Thomas W and Lepper, Mark R},
  booktitle={Aptitude, aprendizado e instrução},
  pages={223--254},
  year={2021},
  editor={Routledge}
}

@inproceedings{deterding2011game,
  title={{\textit{Dos elementos de design de jogos à ludicidade: definindo" gamificação"}}},
  author={Deterding, Sebastian and Dixon, Dan and Khaled, Rilla and Nacke, Lennart},
  booktitle={Anais da 15ª conferência acadêmica internacional MindTrek: Prevendo futuros ambientes de mídia},
  pages={9--15},
  year={2011}
}

@article{hsin2013practitioner,
  title={{\textit{A practitioner’s guide to gamification of education}}},
  author={Hsin-Yuan Huang, W and Soman, Dilip},
  journal={Rotman School of Management, University of Toronto},
  year={2013}
}

@inproceedings{hamari2014does,
  title={{\textit{Does gamification work?--a literature review of empirical studies on gamification}}},
  author={Hamari, Juho and Koivisto, Jonna and Sarsa, Harri},
  booktitle={2014 47th Hawaii international conference on system sciences},
  pages={3025--3034},
  year={2014},
  organization={Ieee}
}

@article{landers2014empirical,
  title={{\textit{An empirical test of the theory of gamified learning: The effect of leaderboards on time-on-task and academic performance}}},
  author={Landers, Richard N and Landers, Amy K},
  journal={Simulation \& Gaming},
  volume={45},
  number={6},
  pages={769--785},
  year={2014},
  publisher={SAGE Publications Sage CA: Los Angeles, CA}
}

@article{seaborn2015gamification,
  title={{\textit{Gamification in theory and action: A survey}}},
  author={Seaborn, Katie and Fels, Deborah I},
  journal={International Journal of human-computer studies},
  volume={74},
  pages={14--31},
  year={2015},
  publisher={Elsevier}
}

@inproceedings{dos2023proposta,
  title={{\textit{Proposta Inicial de um Conjunto de Heur{\'\i}sticas para Avalia{\c{c}}{\~a}o de Sistemas Educacionais Gamificados}}},
  author={dos Santos Frezato, Ot{\'a}vio Felipe and Coleti, Thiago Adriano and Valle, Pedro Henrique Dias},
  booktitle={Anais do XXXIV Simp{\'o}sio Brasileiro de Inform{\'a}tica na Educa{\c{c}}{\~a}o},
  pages={439--450},
  year={2023},
  organization={SBC}
}

@article{gonccalves2023plataforma,
  title={{\textit{Um Plataforma Gamificada de Revis{\~a}o de Conte{\'u}dos do Ensino M{\'e}dio Com Abordagem Baseada em Problemas}}},
  author={Gon{\c{c}}alves, Jos{\'e} Ricardo Brasileiro and Diniz, F{\'a}bio Abrantes and Pereira, Eva Maria Campos},
  journal={Computa{\c{c}}{\~a}o Brasil},
  number={51},
  pages={49--53},
  year={2023}
}

@article{de2022game,
  title={{\textit{Game Design: Plataforma gamificada como inova{\c{c}}{\~a}o tecnol{\'o}gica na educa{\c{c}}{\~a}o}}},
  author={de Andrade, Bruna Raphaela Ferreira and Ruschival, Claudete Barbosa and Rocha, Augusto Cesar Barreto},
  journal={DAT Journal},
  volume={7},
  number={1},
  pages={291--306},
  year={2022}
}

@article{goulart2021curriculo,
  title={{\textit{O Curr{\'\i}culo Paulista Etapa Ensino M{\'e}dio: educa{\c{c}}{\~a}o p{\'u}blica, interesses empresariais e implica{\c{c}}{\~o}es}}},
  author={Goulart, D{\'e}bora Cristina and Moimaz, Rodolfo Soares},
  journal={Pensata},
  volume={10},
  number={1},
  year={2021}
}

@article{carvalho2022contribuiccoes,
  title={{\textit{CONTRIBUI{\c{C}}{\~O}ES DO DESIGN EDUCACIONAL PARA PROCESSOS DE GAMIFICA{\c{C}}{\~A}O}}},
  author={CARVALHO, Silvestre Matos de and others},
  year={2022},
  publisher={Universidade Federal do Maranh{\~a}o}
}

@article{martins2021desafios,
  title={{\textit{Desafios para produ{\c{c}}{\~a}o de material did{\'a}tico digital gamificado no google classroom: um relato de experi{\^e}ncia na perspectiva do docente}}},
  author={Martins, Izabel Cristina Vieira and de Paula, Alexandre Abreu and dos Reis, Susana Cristina and Alberti, Ta{\'\i}s Fim},
  journal={Revista Tecnologias Educacionais em Rede (ReTER)},
  pages={e3--01},
  year={2021}
} 

@article{reis2021aoga,
  title={{\textit{Aoga: plataforma mobile gamificada para aux{\'\i}lio na ado{\c{c}}{\~a}o de uma nova metodologia de ensino}}},
  author={Reis, Kallyuonogucharas Ara{\'u}jo and da Silva, Raquelly Brenna R{\'e}gis and da Silva, Luiz Fernando Virg{\'\i}nio},
  journal={Brazilian Journal of Development},
  volume={7},
  number={3},
  pages={22956--22980},
  year={2021}
} 

@book{sanches2021jogos,
  title={{\textit{Jogos digitais, gamifica{\c{c}}{\~a}o e autoria de jogos na educa{\c{c}}{\~a}o}}},
  author={Sanches, Murilo Henrique Barbosa},
  year={2021},
  publisher={Editora Senac S{\~a}o Paulo}
}

@article{nicolau2019games,
  title={{\textit{Games e gamifica{\c{c}}{\~a}o: pr{\'a}ticas educacionais e perspectivas te{\'o}ricas}}},
  author={NICOLAU, Marcos},
  journal={Jo{\~a}o Pessoa: Ideia},
  year={2019}
}

@mastersthesis{fogacca2018desenvolvimento,
  title={{\textit{Desenvolvimento de um software educacional gamificado para plataforma web com ferramenta de autoria de quest{\~o}es}}},
  author={Foga{\c{c}}a, Renato Antonio de Oliveira},
  type={{B.S.} thesis},
  year={2018},
  school={Universidade Tecnol{\'o}gica Federal do Paran{\'a}}
}

@article{silva2018implicaccoes,
  title={{\textit{Implica{\c{c}}{\~o}es da gamifica{\c{c}}{\~a}o no projeto de plataforma de educa{\c{c}}{\~a}o on-line: um estudo de caso}}},
  author={Silva, Fabiana Bigao},
  year={2018},
  publisher={Universidade Federal de Minas Gerais}
}

@article{silva2017gamificaccao,
  title={{\textit{Gamifica{\c{c}}{\~a}o na educa{\c{c}}{\~a}o online: proposta de modelo para a aprendizagem participativa}}},
  author={Silva, Fabiana Big{\~a}o and Bax, Marcello Peixoto},
  journal={Encontros Bibli: revista eletr{\^o}nica de biblioteconomia e ci{\^e}ncia da informa{\c{c}}{\~a}o},
  volume={22},
  number={50},
  pages={144--160},
  year={2017}
}

@misc{dubiela2014utilizaccao,
  title={{\textit{A utiliza{\c{c}}{\~a}o de dispositivos m{\'o}veis como plataformas para aplica{\c{c}}{\~o}es educacionais gamificadas}}},
  author={DUBIELA, RP and Battaiola, Andr{\'e} Luiz},
  year={2014},
  publisher={SBGAMES}
}

@article{andrade2007realidade,
  title={{\textit{A Realidade Alternativa. Comunica{\c{c}}{\~a}o, conhecimento e marketing viral no desafio dos ARGs}}},
  author={ANDRADE, Luiz Adolfo de},
  journal={Revista Lumina},
  volume={9},
  pages={47--61},
  year={2007}
}

@article{pereira1992desafio,
  title={{\textit{Desafio dos bandeirantes--Aventuras na terra de Santa Cruz},
  author={Pereira, CK and ANDRADE, Fl{\'a}vio M and FREITAS, Luiz ER}}},
  journal={Rio de Janeiro: GSA},
  year={1992}
}

@Misc{Brasil2018,
  author={Ministério da Educação},
  title={{\textit{Base Nacional Comum Curricular}}},
  editor={MEC - Ministério da Educação},
  year={2018},
}

@article{Brasil2022,
  author={Ministério da Educação},
  title={{\textit{Relatório de Resultados do SAEB 2021 | Volume 1 - Contexto Educacional e Resultados em Língua Portuguesa e Matemática para o 5º e 9º Anos do Ensino Fundamental e Séries Finais do Ensino Médio. Versão preliminar.}}},
  publisher={MEC - Ministério da Educação},
  year={2022}
}

@Misc{Brasil2021,
  author={Ministério da Educação},
  title={{\textit{Escalas de Proficiência do SAEB.}}},
  publisher={MEC - Ministério da Educação},
  year={2021},
}


@Comment{jabref-meta: databaseType:biblatex;}

